@book{goossens1999,
   author = "Goossens, Michel and Rahtz, Sebastian",
   title = "The \LaTeX\ Web Companion: Integrating \TeX, HTML, and XML",
   publisher = "Addison-Wesley",
   isbn = "0-201-43311-7",
   year = 1999
}
